
@online{ROSNavMoveBase,
  title = {{ROS Navigation move\_base}},
  howpublished = "\url{https://github.com/ros-planning/navigation/tree/kinetic-devel/move\_base}",
  url= {https://github.com/ros-planning/navigation/tree/kinetic-devel/move\_base}
}
@online{ROSNavAMCL,
  title = {{ROS Navigation amcl}},
  howpublished = "\url{https://github.com/ros-planning/navigation/tree/kinetic-devel/amcl}",
  url= {https://github.com/ros-planning/navigation/tree/kinetic-devel/amcl}
}
@online{ROSNavMapServer,
  title = {{ROS Navigation map\_server}},
  howpublished = "\url{https://github.com/ros-planning/navigation/tree/kinetic-devel/map\_server}",
  url= {https://github.com/ros-planning/navigation/tree/kinetic-devel/map\_server}
}


@online{ROSNavigationGuide,
  title = {{ROSNavigationGuide}},
  howpublished = "\url{https://github.com/zkytony/ROSNavigationGuide/blob/master/main.pdf}",
  url= {https://github.com/zkytony/ROSNavigationGuide/blob/master/main.pdf}
}